Scopus
EXPORT DATE: 6 December 2020

@ARTICLE{Roveto2021,
author={Roveto, P.M. and Gupta, A. and Schuler, A.J.},
title={Effects of surface skewness on local shear stresses, biofilm activity, and microbial communities for wastewater treatment},
journal={Bioresource Technology},
year={2021},
volume={320},
art_number={124251},
note={cited By 0},
url={https://www.scopus.com/inward/record.uri?eid=2-s2.0-85094905624&doi=10.1016%2fj.biortech.2020.124251&partnerID=40&md5=53f80218ffe9cb4c6e261b5db86d2833},
}

@ARTICLE{Shigemizu2020,
author={Shigemizu, D. and Akiyama, S. and Higaki, S. and Sugimoto, T. and Sakurai, T. and Boroevich, K.A. and Sharma, A. and Tsunoda, T. and Ochiya, T. and Niida, S. and Ozaki, K.},
title={Prognosis prediction model for conversion from mild cognitive impairment to Alzheimer’s disease created by integrative analysis of multi-omics data},
journal={Alzheimer's Research and Therapy},
year={2020},
volume={12},
number={1},
art_number={145},
note={cited By 0},
url={https://www.scopus.com/inward/record.uri?eid=2-s2.0-85095762303&doi=10.1186%2fs13195-020-00716-0&partnerID=40&md5=e1a141bd312511c464ed9b12e864776f},
}

@ARTICLE{MosqueraOrgueira2020,
author={Mosquera Orgueira, A. and Rodríguez Antelo, B. and Díaz Arias, J.Á. and Díaz Varela, N. and Alonso Vence, N. and González Pérez, M.S. and Bello López, J.L.},
title={Novel Mutation Hotspots within Non-Coding Regulatory Regions of the Chronic Lymphocytic Leukemia Genome},
journal={Scientific Reports},
year={2020},
volume={10},
number={1},
art_number={2407},
note={cited By 2},
url={https://www.scopus.com/inward/record.uri?eid=2-s2.0-85079338821&doi=10.1038%2fs41598-020-59243-5&partnerID=40&md5=474494e71298e6278a7c68f1a6ae6b36},
}

@ARTICLE{Nachmanson2020,
author={Nachmanson, D. and Steward, J. and Yao, H. and Officer, A. and Jeong, E. and O’Keefe, T.J. and Hasteh, F. and Jepsen, K. and Hirst, G.L. and Esserman, L.J. and Borowsky, A.D. and Harismendy, O.},
title={Mutational profiling of micro-dissected pre-malignant lesions from archived specimens},
journal={BMC Medical Genomics},
year={2020},
volume={13},
number={1},
art_number={173},
note={cited By 0},
url={https://www.scopus.com/inward/record.uri?eid=2-s2.0-85096186627&doi=10.1186%2fs12920-020-00820-y&partnerID=40&md5=6115bda0809c2ea758a2e16a8c777a90},
}

@ARTICLE{Iqbal20204561,
author={Iqbal, M.N. and Rasheed, M.A. and Awais, M. and Chammam, W. and Kanwal, S. and Khan, S.U. and Saddick, S. and Tlili, I.},
title={BMT: Bioinformatics mini toolbox for comprehensive DNA and protein analysis},
journal={Genomics},
year={2020},
volume={112},
number={6},
pages={4561-4566},
note={cited By 0},
url={https://www.scopus.com/inward/record.uri?eid=2-s2.0-85089351044&doi=10.1016%2fj.ygeno.2020.08.010&partnerID=40&md5=1e9d1b453521991687f083ba054c9986},
}

@ARTICLE{Bruel2020433,
author={Bruel, A.-L. and Vitobello, A. and Tran Mau-Them, F. and Nambot, S. and Sorlin, A. and Denommé-Pichon, A.-S. and Delanne, J. and Moutton, S. and Callier, P. and Duffourd, Y. and Philippe, C. and Faivre, L. and Thauvin-Robinet, C.},
title={Next-generation sequencing approaches and challenges in the diagnosis of developmental anomalies and intellectual disability},
journal={Clinical Genetics},
year={2020},
volume={98},
number={5},
pages={433-444},
note={cited By 1},
url={https://www.scopus.com/inward/record.uri?eid=2-s2.0-85085592783&doi=10.1111%2fcge.13764&partnerID=40&md5=2fca32edd054ef12095ec3c8e0a117b6},
}
